<?xml version="1.0" encoding="UTF-8"?><collection xmlns="http://www.loc.gov/MARC21/slim"><record><leader>00689nam--2200181-i-4500</leader><controlfield tag="001">000018219</controlfield><controlfield tag="002">20161230</controlfield><controlfield tag="005">20161230201032</controlfield><controlfield tag="008">060222s1000------------r-----000-0-eng-d</controlfield><datafield ind1=" " ind2=" " tag="020"><subfield code="a">3528080183</subfield></datafield><datafield ind1=" " ind2=" " tag="040"><subfield code="a">IFIN-HH</subfield></datafield><datafield ind1=" " ind2=" " tag="080"><subfield code="a">539.2</subfield></datafield><datafield ind1="1" ind2=" " tag="100"><subfield code="a">Madelung, O</subfield></datafield><datafield ind1="1" ind2="0" tag="245"><subfield code="a">Festkorperprobleme band xii advances in solid state physics</subfield><subfield code="b">Plenary lectures of the professional groups semiconductor physics, magnetism, low temperature physics, thermodynamics and statistics, of the german physical society freudenstadt, april 10-14, 1972</subfield><subfield code="c">O. madelung (ed.)</subfield></datafield><datafield ind1=" " ind2=" " tag="260"><subfield code="a">Braunschweig</subfield><subfield code="b">Friedr. Vieweg + Sohn</subfield><subfield code="c">1972</subfield></datafield><datafield ind1=" " ind2=" " tag="300"><subfield code="a">681P</subfield></datafield><datafield ind1=" " ind2=" " tag="852"><subfield code="a">18555</subfield><subfield code="c">539.2</subfield></datafield><datafield ind1=" " ind2=" " tag="CAT"><subfield code="a">Sys</subfield><subfield code="c">20121005</subfield><subfield code="h">115019</subfield></datafield></record></collection>